<collection xmlns="http://www.loc.gov/MARC21/slim">
<record>
  <leader>00778nam0a22001931i 450 </leader>
  <controlfield tag="001">IT\ICCU\CNCE\056578</controlfield>
  <controlfield tag="005">20051205000000.0</controlfield>
  <datafield tag="100" ind1=" " ind2=" ">
    <subfield code="a">20040320f1548        0itac0103    ba</subfield>
  </datafield>
  <datafield tag="101" ind1=" " ind2=" ">
    <subfield code="a">ITA</subfield>
  </datafield>
  <datafield tag="102" ind1=" " ind2=" ">
    <subfield code="a">IT</subfield>
  </datafield>
  <datafield tag="200" ind1="1" ind2=" ">
    <subfield code="a">In nome di Dio nostro signore havendo l&apos;illustrissimo signor Gioan di Vega, vicer ̌di questo Regno di Sicilia la cura per il suo grande et vero cristiano animo ...</subfield>
  </datafield>
  <datafield tag="210" ind1=" " ind2=" ">
    <subfield code="a">Messina</subfield>
    <subfield code="c">Petruccio Spira</subfield>
    <subfield code="d">\1548!</subfield>
  </datafield>
  <datafield tag="215" ind1=" " ind2=" ">
    <subfield code="a">1 foglio</subfield>
  </datafield>
  <datafield tag="300" ind1=" " ind2=" ">
    <subfield code="a">Avviso riguardante l&apos;istituzione di una scuola gesuitica presso la chiesa di S. Nicola a Messina </subfield>
  </datafield>
  <datafield tag="620" ind1=" " ind2=" ">
    <subfield code="a">IT</subfield>
    <subfield code="d">Messina</subfield>
  </datafield>
  <datafield tag="710" ind1="0" ind2="2">
    <subfield code="a">Sicilia</subfield>
    <subfield code="c"> &lt;Regno&gt;</subfield>
    <subfield code="3">IT\ICCU\CNCA\006798</subfield>
  </datafield>
  <datafield tag="702" ind1=" " ind2="1">
    <subfield code="a">Vega,</subfield>
    <subfield code="b">Juan : de</subfield>
    <subfield code="3">IT\ICCU\CNCA\025639</subfield>
  </datafield>
  <datafield tag="712" ind1="0" ind2="0">
    <subfield code="a">Spira, Petruccio</subfield>
    <subfield code="3">IT\ICCU\CNCT\000485</subfield>
    <subfield code="4">650</subfield>
  </datafield>
  <datafield tag="801" ind1=" " ind2="3">
    <subfield code="a">IT</subfield>
    <subfield code="b">ICCU</subfield>
    <subfield code="c">20201115</subfield>
  </datafield>
</record>
</collection>
